@article{taxonomy,    author    = {Mark Utting and Alexander Pretschner and Bruno Legeard},    title     = {A taxonomy of model-based testing approaches},
    year      = {2012},    journal   = {Software Testing, Verification and Reliability},    volume    = {22},    pages     = {297--312}}

@article{toolsreview,
    author    = {Muhammad Shafique and Yvan Labiche},
    title     = {A systematic review of state-based test tools},
    year      = {2013},
    journal   = {International Journal on Software Tools for Technology Transfer},
    pages     = {1--18}
}

@incollection{mbttestcasegeneration,
    author    = {Manfred Broy and Bengt Jonsson and Joost-Pieter Katoen and Martin Leucker and Alexander Pretschner},
    title     = {Part III. Model-Based Test Case Generation},
    booktitle = {Model-Based Testing of Reactive Systems},
    publisher = {Springer Berlin Heidelberg},
    year      = {2005},
    pages     = {277--279}
}

@inproceedings{graphtheorymbt,
    title     = {Graph Theory Techniques in Model-Based Testing},
    author    = {Harry Robinson},
    booktitle = {Semantic Platforms Test Group, Microsoft Corporation, Presented at the 1999 International Conference on Testing Computer Software},
    pages     = {1--10},
    year      = {1999}
}

@inproceedings{pymodelarticle,
    title     = {PyModel: Model-based testing in Python},
    author    = {Jonathan Jacky},
    booktitle = {Proceedings of the 9th Python in Science Conference (SciPy 2010)},
    pages     = {1--6},
    year      = {2010}
}

%
@mastersthesis{mbtautomatictestgeneration,
    author    = {Zoltán Micskei},
    title     = {Modell alapú automatikus tesztgenerálás},
    school    = {Budapest University of Technology and Economics},
    year      = {2005}
}

@misc{pymodel,
  author       = {Jonathan Jacky},
  title        = {{PyModel}},
  howpublished = "\url{http://staff.washington.edu/jon/pymodel/www/}",
  year         = {2013}, 
  note         = "[Online; hozzáférés 2014.05.24]"
}

@misc{graphwalker,
  author       = {Kristian Karl},
  title        = {{GraphWalker}},
  howpublished = "\url{http://graphwalker.org/}",
  year         = {2014}, 
  note         = "[Online; hozzáférés 2014.05.24]"
}
