%% ELSŐ FÉLÉV

@article{taxonomy,
    author    = {Mark Utting and Alexander Pretschner and Bruno Legeard},
    title     = {A taxonomy of model-based testing approaches},
    year      = {2012},
    journal   = {Software Testing, Verification and Reliability},
    volume    = {22},
    pages     = {297--312}
}

@article{toolsreview,
    author    = {Muhammad Shafique and Yvan Labiche},
    title     = {A systematic review of state-based test tools},
    year      = {2013},
    journal   = {International Journal on Software Tools for Technology Transfer},
    pages     = {1--18}
}

@incollection{mbttestcasegeneration,
    author    = {Manfred Broy and Bengt Jonsson and Joost-Pieter Katoen and Martin Leucker and Alexander Pretschner},
    title     = {Part III. Model-Based Test Case Generation},
    booktitle = {Model-Based Testing of Reactive Systems},
    publisher = {Springer Berlin Heidelberg},
    year      = {2005},
    pages     = {277--279}
}
%
@inproceedings{graphtheorymbt,
    title     = {Graph Theory Techniques in Model-Based Testing},
    author    = {Harry Robinson},
    booktitle = {Semantic Platforms Test Group, Microsoft Corporation, Presented at the 1999 International Conference on Testing Computer Software},
    pages     = {1--10},
    year      = {1999}
}
%
@inproceedings{pymodelarticle,
    title     = {PyModel: Model-based testing in Python},
    author    = {Jonathan Jacky},
    booktitle = {Proceedings of the 9th Python in Science Conference (SciPy 2010)},
    pages     = {1--6},
    year      = {2010}
}
%
@mastersthesis{mbtautomatictestgeneration,
    author    = {Zoltán Micskei},
    title     = {Modell alapú automatikus tesztgenerálás},
    school    = {Budapest University of Technology and Economics},
    year      = {2005}
}
%
@misc{pymodel,
	author       = {Jonathan Jacky},
	title        = {{PyModel}},
	howpublished = "\url{http://staff.washington.edu/jon/pymodel/www/}",
	year         = {2013}, 
    note         = "[Online; last access 2015.11.15]"
}
%
@misc{graphwalker,
	author       = {Kristian Karl},
	title        = {{GraphWalker}},
	howpublished = "\url{http://graphwalker.org/}",
	year         = {2015}, 
	note         = "[Online; last access 2015.11.15]"
}

%% MÁSODIK FÉLÉV
%
@article{testcasegen,
	author 	= {Saswat Anand and Edmund K. Burke and Tsong Yueh Chen and John Clark and Myra B. Cohen and Wolfgang Grieskamp and Mark Harman and Mary Jean Harrold and Phil Mcminn},
	title 	= {An Orchestrated Survey of Methodologies for Automated Software Test Case Generation},
	year 	= {2013},
 	journal = {The Journal of Systems and Software},
 	volume 	= {86},
 	pages 	= {1978--2001},
}
%
@article{gotcha,
 	author 	= {Friedman, G. and Hartman, A. and Nagin, K. and Shiran, T.},
 	title 	= {Projected State Machine Coverage for Software Testing},
 	year 	= {2002},
  	journal = {ACM SIGSOFT Software Engineering Notes},
  	volume 	= {27},
 	pages 	= {134--143},
}
%
@mastersthesis{languagespecanalysisofsm,
    author    = {Karolina Zurowska},
    title     = {Language Specific Analysis of State Machine Models of Reactive Systems},
    school    = {Queen’s University},
    year      = {2014}
}
%
@mastersthesis{parteg,
    author    = {Stephan Weißleder},
    title     = {Test Models and Coverage Criteria for Automatic Model-Based Test Generation with UML State Machines},
    school    = {Humboldt-Universität},
    year      = {2010}
}
%
@misc{partegweb,
	author       = {Stephan Weißleder},
	title        = {{ParTeG}},
	howpublished = "\url{http://parteg.sourceforge.net/}",
	year         = {2014}, 
	note         = "[Online; last access 2015.11.15]"
}
%
@misc{conformiqweb,
	author       = {Conformiq Inc.},
	title        = {{Conformiq}},
	howpublished = "\url{https://www.conformiq.com/}",
	year         = {2015}, 
	note         = "[Online; last access 2015.11.15]"
}
%
@manual{conformiq,
	author       = {Conformiq Inc.},
	organization = {Conformiq Inc.},
	title		 = {{Conformiq User Manual}},
	edition	     = {4.4},
	year		 = {2011}
}

%% HARMADIK FÉLÉV
%
@incollection{psm2alloy,
	author		= {Ana Garis and Ana C.R. Paiva and Alcino Cunha and Daniel Riesco},
	title		= {Specifying UML Protocol State Machines in Alloy},
	booktitle	= {Integrated Formal Methods},
	publisher	= {Springer Berlin Heidelberg},
	year		= {2012},
	pages		= {312--326}
}
%
@book{alloy,
 	author		= {Daniel Jackson},
 	title 		= {Software Abstractions: Logic, Language, and Analysis},
 	year 		= {2006},
 	publisher 	= {The MIT Press}
} 
%
@article{alloyfirst,
 	author 	= {Daniel Jackson},
 	title 	= {Alloy: A Lightweight Object Modelling Notation},
 	year 	= {2002},
 	journal = {ACM Trans. Softw. Eng. Methodol.},
 	volume 	= {11},
 	pages 	= {256--290}
} 

@techreport{omguml,
    author      = {OMG},
    title       = {{OMG Unified Modeling Language (OMG UML), Superstructure, Version 2.4.1}},
    institution = {Object Management Group},
    year        = "2011",
}

%% NEGYEDIK FÉLÉV
%
@book{designpatterns,
 	author		= {Gamma, Erich and Helm, Richard and Johnson, Ralph and Vlissides, John},
 	title 		= {Design Patterns: Elements of Reusable Object-oriented Software},
 	year 		= {1995},
 	publisher 	= {Addison-Wesley Longman Publishing Co., Inc.}
}
%
@misc{acceleo,
	author       = {The Eclipse Foundation},
	title        = {{Acceleo}},
	howpublished = "\url{https://eclipse.org/acceleo/}",
	year         = {2015}, 
	note         = "[Online; last access 2015.11.15]"
}
%
@misc{emf,
	author       = {The Eclipse Foundation},
	title        = {{Eclipse Modeling Framework}},
	howpublished = "\url{https://eclipse.org/modeling/emf/}",
	year         = {2015}, 
	note         = "[Online; last access 2015.11.15]"
}
%
@book{emfbook,
 	author		= {Steinberg, Dave and Budinsky, Frank and Merks, Ed and Paternostro, Marcelo},
 	title 		= {EMF: Eclipse Modeling Framework},
 	year 		= {2008},
 	publisher 	= {Pearson Education}
}
%
@misc{sat4j,
	author       = {Sat4j},
	title        = {{Daniel Le Berre, Anne Parrain}},
	howpublished = "\url{http://www.sat4j.org/}",
	year         = {2013}, 
	note         = "[Online; last access 2015.11.15]"
}
%
@misc{minisat,
	author       = {MiniSat},
	title        = {{Niklas Eén, Niklas Sörensson}},
	howpublished = "\url{http://minisat.se/}",
	year         = {2010}, 
	note         = "[Online; last access 2015.11.15]"
}
%
@misc{lingeling,
	author       = {Lingeling},
	title        = {{Armin Biere}},
	howpublished = "\url{http://fmv.jku.at/lingeling/}",
	year         = {2015}, 
	note         = "[Online; last access 2015.11.15]"
}
%
@misc{glucose,
	author       = {Glucose},
	title        = {{Gilles Audemard, Laurent Simon}},
	howpublished = "\url{http://www.labri.fr/perso/lsimon/glucose/}",
	year         = {2015}, 
	note         = "[Online; last access 2015.11.15]"
}
%
@misc{cryptominisat,
	author       = {CryptoMiniSat},
	title        = {{Máté Soós}},
	howpublished = "\url{http://www.msoos.org/2014/04/cryptominisat-4-released/}",
	year         = {2015}, 
	note         = "[Online; last access 2015.11.15]"
}