@article{testcasegen,
	author 	= {Saswat Anand and Edmund K. Burke and Tsong Yueh Chen and John Clark and Myra B. Cohen and Wolfgang Grieskamp and Mark Harman and Mary Jean Harrold and Phil Mcminn},
	title 	= {An Orchestrated Survey of Methodologies for Automated Software Test Case Generation},
	year 	= {2013},
 	journal = {The Journal of Systems and Software},
 	volume 	= {86},
 	pages 	= {1978--2001},
}

@article{gotcha,
 	author 	= {Friedman, G. and Hartman, A. and Nagin, K. and Shiran, T.},
 	title 	= {Projected State Machine Coverage for Software Testing},
 	year 	= {2002},
  	journal = {ACM SIGSOFT Software Engineering Notes},
  	volume 	= {27},
 	pages 	= {134--143},
}

@incollection{mbttestcasegeneration,
    author    = {Manfred Broy and Bengt Jonsson and Joost-Pieter Katoen and Martin Leucker and Alexander Pretschner},
    title     = {Part III. Model-Based Test Case Generation},
    booktitle = {Model-Based Testing of Reactive Systems},
    publisher = {Springer Berlin Heidelberg},
    year      = {2005},
    pages     = {277--279}
}

%
@mastersthesis{languagespecanalysisofsm,
    author    = {Karolina Zurowska},
    title     = {Language Specific Analysis of State Machine Models of Reactive Systems},
    school    = {Queen’s University},
    year      = {2014}
}

@mastersthesis{parteg,
    author    = {Stephan Weißleder},
    title     = {Test Models and Coverage Criteria for Automatic Model-Based Test Generation with UML State Machines},
    school    = {Humboldt-Universität},
    year      = {2010}
}

@misc{partegweb,
  author       = {Stephan Weißleder},
  title        = {{ParTeG}},
  howpublished = "\url{http://parteg.sourceforge.net/}",
  year         = {2014}, 
  note         = "[Online; hozzáférés 2014.12.17]"
}

@misc{pymodel,
  author       = {Jonathan Jacky},
  title        = {{PyModel}},
  howpublished = "\url{http://staff.washington.edu/jon/pymodel/www/}",
  year         = {2014}, 
  note         = "[Online; hozzáférés 2014.12.17]"
}

@misc{graphwalker,
  author       = {Kristian Karl},
  title        = {{GraphWalker}},
  howpublished = "\url{http://graphwalker.org/}",
  year         = {2014}, 
  note         = "[Online; hozzáférés 2014.12.17]"
}

@misc{papyrus,
  author       = {The Eclipse Foundation},
  title        = {{Papyrus}},
  howpublished = "\url{http://eclipse.org/papyrus/}",
  year         = {2014}, 
  note         = "[Online; hozzáférés 2014.12.17]"
}

@misc{conformiqweb,
  author       = {Conformiq Inc.},
  title        = {{Conformiq}},
  howpublished = "\url{https://www.conformiq.com/}",
  year         = {2013}, 
  note         = "[Online; hozzáférés 2014.12.17]"
}

@manual{conformiq,
  organization = {Conformiq Inc.},
  title		   = {{Conformiq User Manual}},
  edition	   = {4.4},
  year		   = {2011}
}
